<?xml version="1.0" encoding="UTF-8"?><collection xmlns="http://www.loc.gov/MARC21/slim"><record><leader>00494nam--2200169-u-4500</leader><controlfield tag="001">000053254</controlfield><controlfield tag="002">20161230</controlfield><controlfield tag="005">20161230201051</controlfield><controlfield tag="008">110113s1000------------r-----000-0-eng-d</controlfield><datafield ind1=" " ind2=" " tag="040"><subfield code="a">IFIN-HH</subfield></datafield><datafield ind1=" " ind2=" " tag="080"><subfield code="a">532.5(043)</subfield></datafield><datafield ind1="1" ind2=" " tag="100"><subfield code="a">Greenhow, Martin</subfield></datafield><datafield ind1="1" ind2="0" tag="245"><subfield code="a">Linear and non-linear studies of waves and floating bodies</subfield><subfield code="b">Dr. techn. thesis</subfield><subfield code="c">Martin greenhow</subfield></datafield><datafield ind1=" " ind2=" " tag="260"><subfield code="a">Trondheim</subfield><subfield code="b">Marine Technology Centre</subfield><subfield code="c">1989</subfield></datafield><datafield ind1=" " ind2=" " tag="300"><subfield code="a">/PAG. DIF.</subfield></datafield><datafield ind1=" " ind2=" " tag="852"><subfield code="a">79291</subfield><subfield code="c">532</subfield></datafield><datafield ind1=" " ind2=" " tag="CAT"><subfield code="a">Sys</subfield><subfield code="c">20110113</subfield><subfield code="h">152418</subfield></datafield></record></collection>